@Book{xie2015,
  title = {Dynamic Documents with {R} and knitr},
  author = {Yihui Xie},
  publisher = {Chapman and Hall/CRC},
  address = {Boca Raton, Florida},
  year = {2015},
  edition = {2nd},
  note = {ISBN 978-1498716963},
  url = {http://yihui.org/knitr/},
}


@ARTICLE{WagenmakersEtAL_2018_BIP1,
	author = {Wagenmakers, {E.-J.} and Marsman, M. and Jamil, T. and Ly, A. and Verhagen, J. and Love, J. and Selker, R. and Gronau, Q. F. and \v{S}m\'{i}ra, M. and Epskamp, S. and Matzke, D. and Rouder, J. N. and Morey, R. D.},
	doi = {10.3758/s13423-017-1343-3},
	journal = {Psychonomic Bulleting \& Review},
	number = {1},
	pages = {58--76},
	title = {Bayesian inference for psychology. {P}art {I}: {T}heoretical advantages and practical ramifications.},
	volume = {25},
	year = {2018},
	bdsk-url-1 = {https://doi.org/10.3758/s13423-017-1343-3}}
	

@ARTICLE{vandeSchootEtAl_2014_GentleIntro,
	author = {{van de Schoot}, R. and Kaplan, D. and Denissen, J. and Asendorpf, J. B. and Neyer, F. J. and van Aken, M. A. G.},
	date-added = {2023-03-30 12:22:25 +0200},
	date-modified = {2023-03-31 20:20:09 +0200},
	doi = {10.1111/cdev.12169},
	journal = {Child Development},
	number = {3},
	pages = {842--860},
	title = {A gentle introduction to {B}ayesian analysis: {A}pplications to developmental research},
	volume = {85},
	year = {2014},
	bdsk-url-1 = {https://doi.org/10.1111/cdev.12169}}


@ARTICLE{Sekulovski_2,
    title = {Testing conditional independence in psychometric networks: An analysis of three Bayesian methods},
    author = {Sekulovski, Nikola and Keetelaar, Sara and Huth, Karoline and Wagenmakers, Eric-Jan and van Bork, Riet and van den Bergh, Don and Marsman, Maarten},
    journal = {Multivariate Behavioral Research},
    pages = {1--21},
    doi = {10.1080/00273171.2024.2345915},
    year = {2024},
    publisher = {Taylor \& Francis}
}

@ARTICLE{HuthEtAl_2023,
	author = {Huth, K and {de Ron}, J. and Goudriaan, A. E. and Luigjes, K. and Mohammadi, R. and {van Holst}, R. J. and Wagenmakers, {E.-J.} and Marsman, M.},
	journal = {Advances in {M}ethods and {P}ractices in {P}sychological {S}cience},
	title = {Bayesian analysis of cross-sectional networks: {A} tutorial in {R} and {JASP}},
       doi = {10.1177/25152459231193334},
	year = {2023}}
	
@Manual{bgms,
    title = {bgms: {B}ayesian Variable Selection for Networks of Binary and/or
            Ordinal Variables},
    author = {Marsman, Maarten and Huth, Karoline and Sekulovski, Nikola and van den Bergh, Don},
    year = {2023},
    note = {R package version 0.1.1},
    url = {https://CRAN.R-project.org/package=bgms}
}
  
@ARTICLE{bdgraph,
	author = {Mohammadi, R. and Wit, E. C.},
	date-modified = {2023-01-12 15:18:56 +0100},
	journal = {Journal of Statistical Software},
	number = {3},
	title = {{BDgraph}: {An} {R} package for {B}ayesian structure learning in graphical models.},
	volume = {89},
	year = {2019}}
	
	
@ARTICLE{BGGM,
	author = {Williams, D. R. and Mulder, J.},
	doi = {10.21105/joss.02111},
	journal = {Journal of Open Source Software},
	number = {51},
	pages = {2111},
	title = {{BGGM}: {B}ayesian {G}aussian graphical models in {R}},
	volume = {5},
	year = {2020},
	bdsk-url-1 = {https://doi.org/10.21105/joss.02111}}


@ARTICLE{easybgm,
    author = {Huth, Karoline and Keetelaar, S. and Sekulovski, Nikola and van den Bergh, Don and Marsman, Maarten},
    title = {Simplifying Bayesian analysis of graphical models for the social sciences with easybgm: A user-friendly R-package},
    year = {2024},
    journal = {AIP Advances},
    volume = {e66366},
    doi = {10.56296/aip00010}
}


@ARTICLE{JASP,
	author = {Love, J. and Selker, R. and Marsman, M. and Jamil, T. and Dropmann, D. and Verhagen, A. J. and Ly, A. and Gronau, Q. F. and \v{S}m\'{i}ra, M. and Epskamp, S. and Matzke, D. and Wild, A. and Knight, P. and Rouder, J. N. and Morey, R. D. and Wagenmakers, {E.-J.}},
	doi = {10.18637/jss.v088.i02},
	journal = {Journal of Statistical Software},
	number = {2},
	pages = {1--17},
	title = {{JASP} -- graphical statistical software for common statistical designs},
	volume = {88},
	year = {2019},
	bdsk-url-1 = {https://doi.org/10.18637/jss.v088.i02}}
	
	
@ARTICLE{McNallyEtAl_2015,
	author = {{McNally}, R. J. and Robinaugh, D. J. and Wu, G. W. Y. and Wang, L. and Deserno, M. K. and Borsboom, D.},
	date-added = {2022-12-22 10:43:58 +0100},
	date-modified = {2022-12-22 10:47:08 +0100},
	doi = {10.1177/2167702614553230},
	journal = {Clinical Psychological Science},
	number = {6},
	pages = {836--849},
	title = {Mental disorders as causal systems: {A} network approach to posttraumatic stress disorder},
	volume = {5},
	year = {2015},
	bdsk-url-1 = {https://doi.org/10.1177/2167702614553230}}

  
@book{NP_with_R_book,
  title={Network psychometrics with {R}: A guide for behavioral and social scientists},
  author={Isvoranu, Adela-Maria and Epskamp, Sacha and Waldorp, Lourens and Borsboom, Denny},
  year={2022},
  publisher={Taylor \& Francis}
}


@ARTICLE{DobraLenkoski_2011,
	author = {Dobra, A. and Lenkoski, A.},
	doi = {10.1214/10-AOAS397},
	journal = {The Annals of Applied Statistics},
	number = {2A},
	pages = {969--993},
	title = {Copula {G}aussian graphical models and their application to modeling functional disability data},
	volume = {5},
	year = {2011},
	bdsk-url-1 = {https://doi.org/10.1214/10-AOAS397}}


@incollection{pearl1995,
  title={A theory of inferred causation},
  author={Pearl, Judea and Verma, Thomas S},
  booktitle={Studies in Logic and the Foundations of Mathematics},
  volume={134},
  pages={789--811},
  year={1995},
  publisher={Elsevier}
}

